@book{verborgh2013using,
  title={Using OpenRefine},
  author={Verborgh, Ruben and De Wilde, Max},
  year={2013},
  publisher={Packt Publishing Ltd}
}

@article{zhang2007ml,
  title={ML-KNN: A lazy learning approach to multi-label learning},
  author={Zhang, Min-Ling and Zhou, Zhi-Hua},
  journal={Pattern recognition},
  volume={40},
  number={7},
  pages={2038--2048},
  year={2007},
  publisher={Elsevier}
}

@article{ioffe2015batch,
  title={Batch normalization: Accelerating deep network training by reducing internal covariate shift},
  author={Ioffe, Sergey and Szegedy, Christian},
  journal={arXiv preprint arXiv:1502.03167},
  year={2015}
}

@article{ruder2016overview,
  title={An overview of gradient descent optimization algorithms},
  author={Ruder, Sebastian},
  journal={arXiv preprint arXiv:1609.04747},
  year={2016}
}

@article{srivastava2014dropout,
  title={Dropout: A simple way to prevent neural networks from overfitting},
  author={Srivastava, Nitish and Hinton, Geoffrey and Krizhevsky, Alex and Sutskever, Ilya and Salakhutdinov, Ruslan},
  journal={The Journal of Machine Learning Research},
  volume={15},
  number={1},
  pages={1929--1958},
  year={2014},
  publisher={JMLR. org}
}